<?xml version="1.0"?>
<marc:collection xmlns:marc="http://www.loc.gov/MARC21/slim" xmlns:xsi="http://www.w3.org/2001/XMLSchema-instance" xsi:schemaLocation="http://www.loc.gov/MARC21/slim http://www.loc.gov/standards/marcxml/schema/MARC21slim.xsd">
   <marc:record type="Bibliographic">
      <marc:leader>01981cam a2200361 a 4500</marc:leader>
      <marc:controlfield tag="001">180581</marc:controlfield>
      <marc:controlfield tag="003">NjP</marc:controlfield>
      <marc:controlfield tag="005">20130515164528.0</marc:controlfield>
      <marc:controlfield tag="008">831005s1939    ua            000 0 ara d</marc:controlfield>
      <marc:datafield tag="024" ind1="7" ind2=" ">
         <marc:subfield code="a">princeton_aco000079</marc:subfield>
         <marc:subfield code="2">local</marc:subfield>
      </marc:datafield>
      <marc:datafield tag="035" ind1=" " ind2=" ">
         <marc:subfield code="a">(OCoLC)ocn175943598</marc:subfield>
      </marc:datafield>
      <marc:datafield tag="040" ind1=" " ind2=" ">
         <marc:subfield code="a">NjP</marc:subfield>
         <marc:subfield code="c">PUL</marc:subfield>
         <marc:subfield code="d">PUL</marc:subfield>
      </marc:datafield>
      <marc:datafield tag="035" ind1=" " ind2=" ">
         <marc:subfield code="a">(OCoLC)175943598</marc:subfield>
      </marc:datafield>
      <marc:datafield tag="035" ind1=" " ind2=" ">
         <marc:subfield code="a">(CStRLIN)NJPG83-B67370</marc:subfield>
      </marc:datafield>
      <marc:datafield tag="035" ind1=" " ind2=" ">
         <marc:subfield code="9">AAZ5479TS</marc:subfield>
      </marc:datafield>
      <marc:datafield tag="035" ind1=" " ind2=" ">
         <marc:subfield code="a">(NjP)180581</marc:subfield>
      </marc:datafield>
      <marc:datafield tag="079" ind1=" " ind2=" ">
         <marc:subfield code="a">ocm19374726</marc:subfield>
      </marc:datafield>
      <marc:datafield tag="049" ind1=" " ind2=" ">
         <marc:subfield code="a">PULL</marc:subfield>
      </marc:datafield>
      <marc:datafield tag="100" ind1="0" ind2=" ">
         <marc:subfield code="6">880-01</marc:subfield>
         <marc:subfield code="a">Suyu&#x304;t&#x323;i&#x304;,</marc:subfield>
         <marc:subfield code="d">1445-1505.</marc:subfield>
      </marc:datafield>
      <marc:datafield tag="245" ind1="1" ind2="0">
         <marc:subfield code="6">880-02</marc:subfield>
         <marc:subfield code="a">Sharh&#x323; &#x2BB;uqu&#x304;d al-juma&#x304;n fi&#x304; &#x2BB;ilm al-ma&#x2BB;a&#x304;ni&#x304; wa-al-baya&#x304;n /</marc:subfield>
         <marc:subfield code="b">ta&#x2BC;li&#x304;f Jala&#x304;l al-Di&#x304;n &#x2BB;Abd al-Rah&#x323;ma&#x304;n al-Suyu&#x304;t&#x323;i&#x304;. Wa-bi-ha&#x304;mishihi H&#x323;ilyat al-lubb al-mas&#x323;u&#x304;n &#x2BB;ala&#x301; al-Jawhar al-maknu&#x304;n /</marc:subfield>
         <marc:subfield code="c">li-Ah&#x323;mad al-Damanhu&#x304;ri&#x304;.</marc:subfield>
      </marc:datafield>
      <marc:datafield tag="260" ind1=" " ind2=" ">
         <marc:subfield code="6">880-03</marc:subfield>
         <marc:subfield code="a">Mis&#x323;r :</marc:subfield>
         <marc:subfield code="b">Maktabat Mus&#x323;t&#x323;afa&#x301; al-Ba&#x304;bi&#x304; al-H&#x323;alabi&#x304; wa-awladih,</marc:subfield>
         <marc:subfield code="c">1939.</marc:subfield>
      </marc:datafield>
      <marc:datafield tag="300" ind1=" " ind2=" ">
         <marc:subfield code="a">180 p. ;</marc:subfield>
         <marc:subfield code="c">29 cm.</marc:subfield>
      </marc:datafield>
      <marc:datafield tag="650" ind1=" " ind2="0">
         <marc:subfield code="a">Rhetoric, Medieval</marc:subfield>
         <marc:subfield code="x">Early works to 1800.</marc:subfield>
      </marc:datafield>
      <marc:datafield tag="600" ind1="1" ind2="0">
         <marc:subfield code="6">880-04</marc:subfield>
         <marc:subfield code="a">Akhd&#x323;ari&#x304;, &#x2BB;Abd al-Rah&#x323;ma&#x304;n ibn Muh&#x323;ammad,</marc:subfield>
         <marc:subfield code="d">1512 or 1513-1575 or 1576.</marc:subfield>
         <marc:subfield code="t">Jawhar al-maknu&#x304;n.</marc:subfield>
      </marc:datafield>
      <marc:datafield tag="700" ind1="1" ind2="2">
         <marc:subfield code="6">880-05</marc:subfield>
         <marc:subfield code="a">Damanhu&#x304;ri&#x304;, Ah&#x323;mad ibn &#x2BB;Abd al-Mun&#x2BB;im.</marc:subfield>
         <marc:subfield code="t">Hilyat al-lubb al-mas&#x323;u&#x304;n.</marc:subfield>
         <marc:subfield code="f">1939.</marc:subfield>
      </marc:datafield>
      <marc:datafield tag="880" ind1="0" ind2=" ">
         <marc:subfield code="6">100-01/r</marc:subfield>
         <marc:subfield code="a">&#x633;&#x64A;&#x648;&#x637;&#x64A;&#x60C;</marc:subfield>
         <marc:subfield code="d">1445-1505.</marc:subfield>
      </marc:datafield>
      <marc:datafield tag="880" ind1="1" ind2="0">
         <marc:subfield code="6">245-02/r</marc:subfield>
         <marc:subfield code="a">&#x634;&#x631;&#x62D; &#x639;&#x642;&#x648;&#x62F; &#x627;&#x644;&#x62C;&#x645;&#x627;&#x646; &#x641;&#x64A; &#x639;&#x644;&#x645; &#x627;&#x644;&#x645;&#x639;&#x627;&#x646;&#x64A; &#x648;&#x627;&#x644;&#x628;&#x64A;&#x627;&#x646; /</marc:subfield>
         <marc:subfield code="b">&#x62A;&#x623;&#x644;&#x64A;&#x641; &#x62C;&#x644;&#x627;&#x644; &#x627;&#x644;&#x62F;&#x64A;&#x646; &#x639;&#x628;&#x62F; &#x627;&#x644;&#x631;&#x62D;&#x645;&#x646; &#x627;&#x644;&#x633;&#x64A;&#x648;&#x637;&#x64A;. &#x648;&#x628;&#x647;&#x627;&#x645;&#x634;&#x647; &#x62D;&#x644;&#x64A;&#x629; &#x627;&#x644;&#x644;&#x628; &#x627;&#x644;&#x645;&#x635;&#x648;&#x646; &#x639;&#x644;&#x649; &#x627;&#x644;&#x62C;&#x648;&#x647;&#x631; &#x627;&#x644;&#x645;&#x643;&#x646;&#x648;&#x646; /</marc:subfield>
         <marc:subfield code="c">&#x644;&#x627;&#x62D;&#x645;&#x62F; &#x627;&#x644;&#x62F;&#x645;&#x646;&#x647;&#x648;&#x631;&#x64A;.</marc:subfield>
      </marc:datafield>
      <marc:datafield tag="880" ind1=" " ind2=" ">
         <marc:subfield code="6">260-03/r</marc:subfield>
         <marc:subfield code="a">&#x645;&#x635;&#x631; :</marc:subfield>
         <marc:subfield code="b">&#x645;&#x643;&#x62A;&#x628;&#x629; &#x645;&#x635;&#x637;&#x641;&#x649; &#x627;&#x644;&#x628;&#x627;&#x628;&#x64A; &#x627;&#x644;&#x62D;&#x644;&#x628;&#x64A; &#x648;&#x627;&#x648;&#x644;&#x62F;&#x647;&#x60C;</marc:subfield>
         <marc:subfield code="c">1939.</marc:subfield>
      </marc:datafield>
      <marc:datafield tag="880" ind1="1" ind2="4">
         <marc:subfield code="6">600-04/r</marc:subfield>
         <marc:subfield code="a">&#x627;&#x62E;&#x636;&#x631;&#x64A;&#x60C; &#x639;&#x628;&#x62F; &#x627;&#x644;&#x631;&#x62D;&#x645;&#x646; &#x628;&#x646; &#x645;&#x62D;&#x645;&#x62F;&#x60C;</marc:subfield>
         <marc:subfield code="d">1512 or 1513-1575 or 1576.</marc:subfield>
         <marc:subfield code="t">&#x62C;&#x648;&#x647;&#x631; &#x627;&#x644;&#x645;&#x643;&#x646;&#x648;&#x646;.</marc:subfield>
      </marc:datafield>
      <marc:datafield tag="880" ind1="1" ind2="2">
         <marc:subfield code="6">700-05/r</marc:subfield>
         <marc:subfield code="a">&#x62F;&#x645;&#x646;&#x647;&#x648;&#x631;&#x64A;&#x60C; &#x627;&#x62D;&#x645;&#x62F; &#x628;&#x646; &#x639;&#x628;&#x62F; &#x627;&#x644;&#x645;&#x646;&#x639;&#x645;.</marc:subfield>
         <marc:subfield code="t">&#x647;&#x644;&#x64A;&#x629; &#x627;&#x644;&#x644;&#x628; &#x627;&#x644;&#x645;&#x635;&#x648;&#x646;.</marc:subfield>
         <marc:subfield code="f">1939.</marc:subfield>
      </marc:datafield>
      <marc:datafield tag="998" ind1=" " ind2=" ">
         <marc:subfield code="a">10/10/83</marc:subfield>
         <marc:subfield code="s">9114</marc:subfield>
         <marc:subfield code="n">NjP</marc:subfield>
         <marc:subfield code="w">NJPG83B67370</marc:subfield>
         <marc:subfield code="d">10/05/83</marc:subfield>
         <marc:subfield code="c">SSH</marc:subfield>
         <marc:subfield code="b">CS</marc:subfield>
         <marc:subfield code="i">831010</marc:subfield>
         <marc:subfield code="l">NJPG</marc:subfield>
      </marc:datafield>
      <marc:datafield tag="911" ind1=" " ind2=" ">
         <marc:subfield code="a">19921028</marc:subfield>
      </marc:datafield>
      <marc:datafield tag="912" ind1=" " ind2=" ">
         <marc:subfield code="a">20000306035641.0</marc:subfield>
      </marc:datafield>
      <marc:datafield tag="994" ind1=" " ind2=" ">
         <marc:subfield code="a">C0</marc:subfield>
         <marc:subfield code="b">PUL</marc:subfield>
      </marc:datafield>
      <marc:datafield tag="999" ind1=" " ind2=" ">
         <marc:subfield code="a">180581</marc:subfield>
      </marc:datafield>
   </marc:record>
</marc:collection>
